@article{beirle10,
author={Beirle, S. and Huntrieser, H. and Wagner, T.},
title={{Direct satellite observations of lightning-produced NO$_x$}},
journal={Atmos. Chem. Phys.},
volume={10},
pages={10965--10986},
year={2010},
doi={10.5194/acp-10-10965-2010}
}

@Article{bourassa14,
AUTHOR = {Bourassa, A. E. and Degenstein, D. A. and Randel, W. J. and Zawodny, J. M. and Kyr\"ol\"a, E. and McLinden, C. A. and Sioris, C. E. and Roth, C. Z.},
TITLE = {{Trends in stratospheric ozone derived from merged SAGE II and Odin-OSIRIS satellite observations}},
JOURNAL = {Atmos. Chem. Phys.},
VOLUME = {14},
YEAR = {2014},
NUMBER = {13},
PAGES = {6983--6994},
URL = {http://www.atmos-chem-phys.net/14/6983/2014/},
DOI = {10.5194/acp-14-6983-2014}
}

@article{bucsela13,
	Author={Bucsela, {E.J.} and Krotkov, {N.J.} and Celarier, {E.A.} and Lamsal, {L.N.} and Swartz, {W.H.} and Bhartia, {P.K.} and Boersma, {K.F.} and Veefkind, {J.P.} and Gleason, {J.F.} and Pickering, {K.E.}},
	Journal={Atmos. Meas. Tech.},
	Volume={6},
	Pages={2607--2626},
	Year={2013},
	DOI={10.5194/amt-6-2607-2013},
	Title={"A new tropospheric and stratospheric {NO}$_2$ retrieval algorithm for nadir-viewing satellite instruments: applications to OMI}
}

@article{bovensmann99,
  doi = {10.1175/1520-0469(1999)056<0127:smoamm>2.0.co;2},
  url = {http://dx.doi.org/10.1175/1520-0469(1999)056<0127:SMOAMM>2.0.CO;2},
  year  = {1999},
  publisher = {American Meteorological Society},
  volume = {56},
  number = {2},
  pages = {127--150},
  author = {H. Bovensmann and J. P. Burrows and M. Buchwitz and J. Frerick and S. Noël and V. V. Rozanov and K. V. Chance and A. P. H. Goede},
  title = {{SCIAMACHY: Mission Objectives and Measurement Modes}},
  journal = {J. Atmos. Sci.}
}

@article{burrows99,
  doi = {10.1175/1520-0469(1999)056<0151:tgomeg>2.0.co;2},
  url = {http://dx.doi.org/10.1175/1520-0469(1999)056<0151:TGOMEG>2.0.CO;2},
  year  = {1999},
  publisher = {American Meteorological Society},
  volume = {56},
  number = {2},
  pages = {151--175},
  author = {John P. Burrows and Mark Weber and Michael Buchwitz and Vladimir Rozanov and Annette Ladst\"{a}tter-Wei{\ss}enmayer and Andreas Richter and R\"{u}diger DeBeek and Ricarda Hoogen and Klaus Bramstedt and Kai-Uwe Eichmann and Michael Eisinger and Dieter Perner},
  title = {{The Global Ozone Monitoring Experiment (GOME): Mission Concept and First Scientific Results}},
  journal = {J. Atmos. Sci.}
}

@incollection{burrows-platt-borrell,
	Author={Richter, A. and Wagner, T.},
	Title={{The Use of UV, Visible and Near IR Solar Back Scattered Radiation to Determine Trace Gases}},
	Editor={Burrows, {J.P.} and Platt, {U.} and Borrell, {P.}},
	booktitle={The Remote Sensing of Tropospheric Composition from Space},
	Publisher={Springer},
	Address={New York},
	Year={2011}
}

@incollection{monks-beirle,
	Author={Monks, P.S. and Beirle, S.},
	Title={{Applications of Satellite Observations of Tropospheric Composition}},
	Editor={Burrows, {J.P.} and Platt, {U.} and Borrell, {P.}},
	booktitle={The Remote Sensing of Tropospheric Composition from Space},
	Publisher={Springer},
	Address={New York},
	Year={2011}
}

@article{callies00,
	author = {Callies, J. and Corpaccioli, E. and Hahne, A. and Lefebvre, A.},
	title = {{GOME-2 -- MetOp's Second-Generation Sensor for Operational Ozone Monitoring}},
	journal = {{ESA Bulletin}},
	volume = {102},
	year = {2000},
	pages = {28--36},
	url = {http://www.esa.int/esapub/bulletin/bullet102/Callies102.pdf},
}

@Article{castellanos14,
AUTHOR = {Castellanos, P. and Boersma, K. F. and van der Werf, G. R.},
TITLE = {{Satellite observations indicate substantial spatiotemporal variability in biomass burning NO$_{x}$ emission factors for South America}},
JOURNAL = {Atmos. Chem. Phys.},
VOLUME = {14},
YEAR = {2014},
PAGES = {3929--3943},
DOI = {10.5194/acp-14-3929-2014}
}

@article {choi08,
author = {Choi, Yunsoo and Wang, Yuhang and Yang, Qing and Cunnold, Derek and Zeng, Tao and Shim, Changsub and Luo, Ming and Eldering, Annmarie and Bucsela, Eric and Gleason, James},
title = {{Spring to summer northward migration of high O3 over the western North Atlantic}},
journal = {Geophys. Res. Lett.},
volume = {35},
number = {4},
issn = {1944-8007},
url = {http://dx.doi.org/10.1029/2007GL032276},
doi = {10.1029/2007GL032276},
year = {2008},
}


@article{ding15,
AUTHOR = {Ding, J. and van der A, R. J. and Mijling, B. and Levelt, P. F. and Hao, N.},
TITLE = {{NO$_{x}$ emission estimates during the 2014 Youth Olympic Games in Nanjing}},
JOURNAL = {Atmos. Chem. Phys.},
VOLUME = {15},
YEAR = {2015},
NUMBER = {16},
PAGES = {9399--9412},
DOI = {10.5194/acp-15-9399-2015}
}

@online{epa99,
author = {{\relax United States Environmental Protection Agency}},
title = {{Nitrogen Oxides (NOx), Why and How They Are Controlled (EPA-456/F-99-006R)}},
year = {1999},
url = {https://www3.epa.gov/ttncatc1/dir1/fnoxdoc.pdf},
urldate = {26 Feb 2017},
}

@online{epa-cair,
author = {{\relax United States Environmental Protection Agency}},
title = {{Clean Air Interstate Rule (CAIR)}},
url = {https://archive.epa.gov/airmarkets/programs/cair/web/html/index.html},
urldate = {26 Feb 2017},
}

@online{epa16,
author = {{\relax United States Environmental Protection Agency}},
title = {{Transportation Air Quality, Selected Facts and Figures}},
year = {2016},
url = {https://www.fhwa.dot.gov/environment/air_quality/publications/fact_book/factbook2016.pdf},
urldate = {26 Feb 2017},
}

@online{globe,
author = {{\relax National Oceanic and Atmospheric Administration}},
title = {{The Global Land One-km Base Elevation Project}},
url = {https://www.ngdc.noaa.gov/mgg/topo/globe.html},
urldate = {2 Mar 2017},
}

@article{grell05,
title = {Fully coupled “online” chemistry within the {WRF} model},
journal = "Atmos. Environ.",
volume = "39",
pages = "6957 - 6975",
year = "2005",
doi = "10.1016/j.atmosenv.2005.04.027",
author = "Georg A. Grell and Steven E. Peckham and Rainer Schmitz and Stuart A. McKeen and Gregory Frost and William C. Skamarock and Brian Eder"
}

@article{gu13,
author = {Dasa Gu and Yuhang Wang and Charles Smeltzer and Zhen Liu},
title = {{Reduction in NOx Emission Trends over China: Regional and Seasonal Variations}},
journal = {Environ. Sci. Technol.},
volume = {47},
number = {22},
pages = {12912--12919},
year = {2013},
doi = {10.1021/es401727e}
}

@article {huang14,
author = {Huang, Min and Bowman, Kevin W. and Carmichael, Gregory R. and Chai, Tianfeng and Pierce, R. Bradley and Worden, John R. and Luo, Ming and Pollack, Ilana B. and Ryerson, Thomas B. and Nowak, John B. and Neuman, J. Andrew and Roberts, James M. and Atlas, Elliot L. and Blake, Donald R.},
title = {{Changes in nitrogen oxides emissions in California during 2005--2010 indicated from top-down and bottom-up emission estimates}},
journal = {J. Geophys. Res. Atmos.},
volume = {119},
doi = {10.1002/2014JD022268},
pages = {12,928--12,952},
keywords = {Troposphere: composition and chemistry, Pollution: urban and regional, Troposphere: constituent transport and chemistry, emission changes in California, top-down and bottom-up emissions, Western U.S. air quality},
year = {2014}
}

@article {kim09,
author = {Kim, S.-W. and Heckel, A. and Frost, G. J. and Richter, A. and Gleason, J. and Burrows, J. P. and McKeen, S. and Hsie, E.-Y. and Granier, C. and Trainer, M.},
title = {{NO$_2$ columns in the western United States observed from space and simulated by a regional chemistry model and their implications for NO$_x$ emissions}},
journal = {J. Geophys. Res. Atmos.},
volume = {114},
doi = {10.1029/2008JD011343},
keywords = {Troposphere: composition and chemistry, Pollution: urban and regional, Constituent sources and sinks, NO2 columns, satellite, regional chemistry model},
year = {2009}
}

@article{kroon11,
  doi = {10.1029/2010jd015100},
  url = {http://dx.doi.org/10.1029/2010JD015100},
  year  = {2011},
  publisher = {Wiley-Blackwell},
  volume = {116},
  number = {D18},
  author = {M. Kroon and J. F. de Haan and J. P. Veefkind and L. Froidevaux and R. Wang and R. Kivi and J. J. Hakkarainen},
  title = {{Validation of operational ozone profiles from the Ozone Monitoring Instrument}},
  journal = {J. Geophys. Res.}
}

@Article{kuhlmann15,
AUTHOR = {Kuhlmann, G. and Lam, Y. F. and Cheung, H. M. and Hartl, A. and Fung, J. C. H. and Chan, P. W. and Wenig, M. O.},
TITLE = {{Development of a custom OMI NO$_2$ data product for evaluating biases in a regional chemistry transport model}},
JOURNAL = {Atmos. Chem. Phys.},
VOLUME = {15},
YEAR = {2015},
NUMBER = {10},
PAGES = {5627--5644},
DOI = {10.5194/acp-15-5627-2015}
}

@article{lamsal14,
	AUTHOR = {Lamsal, L. N. and Krotkov, N. A. and Celarier, E. A. and Swartz, W. H. and Pickering, K. E. and Bucsela, E. J. and Gleason, J. F. and Martin, R. V. and Philip, S. and Irie, H. and Cede, A. and Herman, J. and Weinheimer, A. and Szykman, J. J. and Knepp, T. N.},
	TITLE = {{Evaluation of OMI operational standard NO$_{2}$ column retrievals   using in situ and surface-based NO$_{2}$ observations}},
	JOURNAL = {Atmos. Chem. Phys.},
	VOLUME = {14},
	YEAR = {2014},
	NUMBER = {21},
	PAGES = {11587--11609},
	DOI = {10.5194/acp-14-11587-2014}
}


@article{lamsal15,
title = {{U.S. NO$_2$ trends (2005--2013): EPA Air Quality System (AQS) data versus improved observations from the Ozone Monitoring Instrument (OMI)}},
journal = "Atmos. Environ.",
volume = "110",
number = "",
pages = "130--143",
year = "2015",
doi = "10.1016/j.atmosenv.2015.03.055",
author = "Lok N. Lamsal and Bryan N. Duncan and Yasuko Yoshida and Nickolay A. Krotkov and Kenneth E. Pickering and David G. Streets and Zifeng Lu"
}

@Article{laughner16,
AUTHOR = {Laughner, J. L. and Zare, A. and Cohen, R. C.},
TITLE = {{Effects of daily meteorology on the interpretation of space-based remote sensing of NO$_2$}},
JOURNAL = {Atmos. Chem. Phys.},
VOLUME = {16},
YEAR = {2016},
NUMBER = {23},
PAGES = {15247--15264},
URL = {http://www.atmos-chem-phys.net/16/15247/2016/},
DOI = {10.5194/acp-16-15247-2016}
}

@article{levelt06,
	Author={Levelt, {P.F} and van der Oord, {G.H.J.} and Dobber, {M.R.} and M\"{a}lkki, {A.} and Visser, {H.} and de Vries, {J.} and Stammes, {P.} and Lundell, {J.O.V.} and Saari, {H.}},
	Journal={IEEE Trans. Geosci. Remote Sense.},
	Volume={44},
	Pages={1093--1101},
	Year={2006},
	DOI={10.1109/TGRS.2006.872333},
	Title={{The Ozone Monitoring Instrument}}
}

@article{lin10,
AUTHOR = {Lin, J.-T. and McElroy, M. B. and Boersma, K. F.},
TITLE = {{Constraint of anthropogenic NO$_{x}$ emissions in China from different sectors: a new methodology using multiple satellite retrievals}},
JOURNAL = {Atmos. Chem. Phys.},
VOLUME = {10},
YEAR = {2010},
PAGES = {63--78},
DOI = {10.5194/acp-10-63-2010}
}

@Article{lin15,
	AUTHOR = {Lin, J.-T. and Liu, M.-Y. and Xin, J.-Y. and Boersma, K. F. and Spurr, R. and Martin, R. and Zhang, Q.},
TITLE = {{Influence of aerosols and surface reflectance on satellite NO$_2$ retrieval: seasonal and spatial characteristics and implications for NO$_x$ emission constraints}},
JOURNAL = {Atmos. Chem. Phys.},
VOLUME = {15},
YEAR = {2015},
NUMBER = {19},
PAGES = {11217--11241},
DOI = {10.5194/acp-15-11217-2015}
}

@Article{lin17,
AUTHOR = {Lin, M. and Horowitz, L. W. and Payton, R. and Fiore, A. M. and Tonnesen, G.},
TITLE = {{US surface ozone trends and extremes from 1980 to 2014: quantifying the roles
of rising Asian emissions, domestic  controls, wildfires, and climate}},
JOURNAL = {Atmos. Chem. Phys.},
VOLUME = {17},
YEAR = {2017},
NUMBER = {4},
PAGES = {2943--2970},
URL = {http://www.atmos-chem-phys.net/17/2943/2017/},
DOI = {10.5194/acp-17-2943-2017}
}

@article{lu15,
	Author={Lu, {Z.} and Streets, {D.G.} and de Foy, {B.} and Lamsal, {L.N.} and Duncan, {B.N.} and Xing, {J.}},
	Journal={Atmos. Chem. Phys.},
	Volume={15},
	Pages={10367--10383},
	Year={2015},
	DOI={10.5194/acp-15-10367-2015},
	Title={{Emissions of nitrogen oxides from US urban areas: estimation from Ozone Monitoring Instrument retrievals for 2005--2014}}
}

@Article{mclinden14,
	AUTHOR = {McLinden, C. A. and Fioletov, V. and Boersma, K. F. and Kharol, S. K. and Krotkov, N. and Lamsal, L. and Makar, P. A. and Martin, R. V. and Veefkind, J. P. and Yang, K.},
	TITLE = {{Improved satellite retrievals of NO$_{2}$ and SO$_{2}$ over the Canadian oil sands and comparisons with surface measurements}},
	JOURNAL = {Atmos. Chem. Phys.},
	VOLUME = {14},
	YEAR = {2014},
	NUMBER = {7},
	PAGES = {3637--3656},
	DOI = {10.5194/acp-14-3637-2014}
}

@article{mebust13,
author={Mebust, A.K. and Cohen, R.C.},
title={{Observations of a seasonal cycle in NO$_x$ emissions from fires in African woody savannas}},
journal={Geophys. Res. Lett.},
volume={40},
pages={1451--1455},
year={2013},
doi={10.1002/grl.50343}
}

@article{mebust14,
author={Mebust, A.K. and Cohen, R.C.},
title={{Space-based observations of fire NO$_x$ emissions coefficients: a global biome-scale comparison}},
journal={Atmos. Chem. Phys.},
volume={14},
pages={2509--2524},
year={2014},
doi={10.5194/acp-14-2509-2014}
}

@article{miyazaki14,
author={Miyazaki, K. and Eskes, H.J. and Sudo, K. and Zhang, C.},
title={{Global lightning NO$_x$ production estimated by an assimilation of multiple satellite data sets}},
journal={Atmos. Chem. Phys.},
volume={14},
pages={3277--3305},
year={2014},
doi={10.5194/acp-14-3277-2014}
}

@article{miyazaki12,
author={Miyazaki, K. and Eskes, H.J. and Sudo, K.},
title={{Global NO$_\mathrm{x}$ emissions estimates derived from an assimilation of OMI tropospheric NO$_2$ columns}},
journal={Atmos. Chem. Phys.},
volume={12},
pages={2263--2288},
doi={10.5194/acp-12-2263-2012},
year={2012}
}

@article{murphy07,
  doi = {10.5194/acp-7-5327-2007},
  url = {http://www.atmos-chem-phys.net/7/5327/2007/},
  year  = {2007},
  publisher = {Copernicus {GmbH}},
  volume = {7},
  number = {20},
  pages = {5327--5339},
  author = {J. G. Murphy and D. A. Day and P. A. Cleary and P. J. Wooldridge and D. B. Millet and A. H. Goldstein and R. C. Cohen},
  title = {{The weekend effect within and downwind of Sacramento -- Part 1: Observations of ozone,  nitrogen oxides,  and VOC reactivity}},
  journal = {Atmos. Chem. Phys.}
}

@article {nassar08,
author = {Nassar, Ray and Logan, Jennifer A. and Worden, Helen M. and Megretskaia, Inna A. and Bowman, Kevin W. and Osterman, Gregory B. and Thompson, Anne M. and Tarasick, David W. and Austin, Shermane and Claude, Hans and Dubey, Manvendra K. and Hocking, Wayne K. and Johnson, Bryan J. and Joseph, Everette and Merrill, John and Morris, Gary A. and Newchurch, Mike and Oltmans, Samuel J. and Posny, Françoise and Schmidlin, F. J. and Vömel, Holger and Whiteman, David N. and Witte, Jacquelyn C.},
title = {{Validation of Tropospheric Emission Spectrometer (TES) nadir ozone profiles using ozonesonde measurements}},
journal = {J. Geophys. Res. Atmos.},
volume = {113},
number = {D15},
issn = {2156-2202},
url = {http://dx.doi.org/10.1029/2007JD008819},
doi = {10.1029/2007JD008819},
year = {2008},
note = {D15S17},
}

@online{omo3pr-readme,
author = {de Haan, J.F. and Veefkind, J.P.},
title = {{OMO3PR Readme}},
year = {28 Sept 2012},
url = {https://disc.gsfc.nasa.gov/Aura/data-holdings/OMI/documents/v003/OMO3PRO_README.shtml},
urldate = {2 Mar 2017},
}



@article{palmer01,
	Author={Palmer, {P.I.} and Jacob, {D.J.} and Chance, {K.} and Martin, {R.V.} and Spurr, {R.J.D.} and Kurosu, {T.P} and Bey, {I.} and Yantosca, {R.} and Fiore, {A.} and Li, {Q.}},
	Journal={J. Geophys. Res. Atmos.},
	Volume={106},
	Pages={14539--14550},
	Year={2001},
	Title={{Air mass factor formulation for spectroscopic measurements from satellites: Applications to formaldehyde retrievals from the Global Ozone Monitoring Experiment}}
}

@article{romieu96,
  doi = {10.1164/ajrccm.154.2.8756798},
  year  = {1996},
  publisher = {American Thoracic Society},
  volume = {154},
  number = {2},
  pages = {300--307},
  author = {I Romieu and F Meneses and S Ruiz and J J Sienra and J Huerta and M C White and R A Etzel},
  title = {{Effects of air pollution on the respiratory health of asthmatic children living in Mexico City.}},
  journal = {Am. J. Resp. Crit. Care}
}

@online{row-anomaly,
author = {{KNMI}},
title = {Background information about the Row Anomaly in OMI},
year = {26 Oct 2012},
url = {http://projects.knmi.nl/omi/research/product/rowanomaly-background.php},
urldate = {2 Mar 2017},
}


@article{russell11,
	Author={Russell, {A.R.} and Perring, {A.E.} and Valin, {L.C.} and Bucsela, {E.J.} and Browne, {E.C.} and Min, {K.-E.} and Wooldridge, {P.J.} and Cohen, {R.C.}},
	Journal={Atmos. Chem. Phys.},
	Volume={11},
	Pages={8543--8554},
	Year={2011},
	DOI={10.5194/acp-11-8543-2011},
	Title={{A high spatial resolution retrieval of {NO}$_2$ column densities from {OMI}: method and evalutation}}
}

@Article{russell12,
	AUTHOR = {Russell, A. R. and Valin, L. C. and Cohen, R. C.},
	TITLE = {{Trends in OMI NO$_{2}$ observations over the United States: effects of emission control technology and the economic recession}},
	JOURNAL = {Atmos. Chem. Phys.},
	VOLUME = {12},
	YEAR = {2012},
	PAGES = {12197--12209},
	DOI = {10.5194/acp-12-12197-2012}
}

@article{tai14,
  doi = {10.1038/nclimate2317},
  url = {http://dx.doi.org/10.1038/nclimate2317},
  year  = {2014},
  publisher = {Springer Nature},
  volume = {4},
  number = {9},
  pages = {817--821},
  author = {Amos P. K. Tai and Maria Val Martin and Colette L. Heald},
  title = {{Threat to future global food security from climate change and ozone air pollution}},
  journal = {Nat. Clim. Change}
}

@article{tong15,
title = {{Long-term NOx trends over large cities in the United States during the great recession: Comparison of satellite retrievals, ground observations, and emission inventories}},
journal = "Atmos. Environ.",
volume = "107",
number = "",
pages = "70--84",
year = "2015",
doi = "10.1016/j.atmosenv.2015.01.035",
author = "Daniel Q. Tong and Lok Lamsal and Li Pan and Charles Ding and Hyuncheol Kim and Pius Lee and Tianfeng Chai and Kenneth E. Pickering and Ivanka Stajner"
}

@Article{vinken14,
AUTHOR = {Vinken, G. C. M. and Boersma, K. F. and van Donkelaar, A. and Zhang, L.},
TITLE = {{Constraints on ship NO$_x$ emissions in Europe using GEOS-Chem and OMI satellite NO$_2$ observations}},
JOURNAL = {Atmos. Chem. Phys.},
VOLUME = {14},
YEAR = {2014},
NUMBER = {3},
PAGES = {1353--1369},
URL = {http://www.atmos-chem-phys.net/14/1353/2014/},
DOI = {10.5194/acp-14-1353-2014}
}

@article {volten09,
author = {Volten, H. and Brinksma, E. J. and Berkhout, A. J. C. and Hains, J. and Bergwerff, J. B. and Van der Hoff, G. R. and Apituley, A. and Dirksen, R. J. and Calabretta-Jongen, S. and Swart, D. P. J.},
title = {{NO$_2$ lidar profile measurements for satellite interpretation and validation}},
journal = {J. Geophys. Res. Atmos.},
volume = {114},
number = {D24},
issn = {2156-2202},
url = {http://dx.doi.org/10.1029/2009JD012441},
doi = {10.1029/2009JD012441},
keywords = {Troposphere: composition and chemistry, Instruments and techniques, Pollution: urban and regional, Boundary layer processes, nitrogen dioxide, lidar, vertical profile},
year = {2009},
note = {D24301},
}


@article{zorner16,
AUTHOR = {Z\"orner, J. and Penning de Vries, M. and Beirle, S. and Sihler, H. and Veres, P. R. and Williams, J. and Wagner, T.},
TITLE = {{Multi-satellite sensor study on precipitation-induced emission pulses of NO$_x$ from soils in semi-arid ecosystems}},
JOURNAL = {Atmos. Chem. Phys.},
VOLUME = {16},
YEAR = {2016},
NUMBER = {14},
PAGES = {9457--9487},
DOI = {10.5194/acp-16-9457-2016}
}